@article{Reference57,
	Abstract = {},
	Author = {},
	Journal = {},
	Month = {},
	Number = {},
	Numpages = {},
	Pages = {},
	Title = {},
	Volume = {},
	Url = {https://www.gnu.org/gnu/initial-announcement.en.html},
	Year = {}
    }
    
@article{Reference58,
	Abstract = {},
	Author = {},
	Journal = {},
	Month = {},
	Number = {},
	Numpages = {},
	Pages = {},
	Title = {},
	Volume = {},
	Url = {https://www.fsf.org/about/what-is-free-software},
	Year = {}
    }


@article{Reference59,
	Abstract = {},
	Author = {},
	Journal = {},
	Month = {},
	Number = {},
	Numpages = {},
	Pages = {},
	Title = {},
	Volume = {},
	Url = {https://www.gnu.org/licenses/licenses.en.html},
	Year = {}
    }
    
    
@article{Reference60,
	Abstract = {},
	Author = {},
	Journal = {},
	Month = {},
	Number = {},
	Numpages = {},
	Pages = {},
	Title = {},
	Volume = {},
	Url = {https://www.gnu.org/licenses/license-list.html},
	Year = {}
    }


@article{Reference61,
	Abstract = {},
	Author = {},
	Journal = {},
	Month = {},
	Number = {},
	Numpages = {},
	Pages = {},
	Title = {},
	Volume = {},
	Url = {https://www.gnu.org/licenses/gpl.html},
	Year = {}
    }
    
    
@article{Reference62,
	Abstract = {},
	Author = {},
	Journal = {},
	Month = {},
	Number = {},
	Numpages = {},
	Pages = {},
	Title = {},
	Volume = {},
	Url = {https://reprap.org/wiki/RepRap},
	Year = {}
    }


@article{Reference63,
	Abstract = {},
	Author = {},
	Journal = {},
	Month = {},
	Number = {},
	Numpages = {},
	Pages = {},
	Title = {},
	Volume = {},
	Url = {https://github.com/patmo141/odc_public/wiki/Install-Easy},
	Year = {}
    }
    
    
@article{Reference64,
	Abstract = {},
	Author = {},
	Journal = {},
	Month = {},
	Number = {},
	Numpages = {},
	Pages = {},
	Title = {},
	Volume = {},
	Url = {https://github.com/cogitas3d/OrtogOnBlender},
	Year = {}
    }
    
@article{Reference27,
	Abstract = {},
	Author = {},
	Journal = {},
	Month = {},
	Number = {},
	Numpages = {},
	Pages = {},
	Title = {},
	Volume = {},
	Url = {https://www.dicomstandard.org/},
	Year = {}
    }


@article{Reference25,
	Abstract = {},
	Author = {Oleg S. Pianykh},
	Journal = {},
	Month = {},
	Number = {},
	Numpages = {},
	Pages = {},
	Title = {Digital Imaging and Communications in Medicine (DICOM)},
	Volume = {},
	Url = {},
	Year = {}
    }
    
    
    
@article{Reference23,
	Abstract = {},
	Author = {},
	Journal = {},
	Month = {},
	Number = {},
	Numpages = {},
	Pages = {},
	Title = {},
	Volume = {},
	Url = {https://radiopaedia.org/articles/pitch},
	Year = {}
    }


@article{Reference12,
	Abstract = {},
	Author = {Brullmann D, Schulze RKW.},
	Journal = {Dentomaxillofac Radiol},
	Month = {},
	Number = {},
	Numpages = {},
	Pages = {},
	Title = {Spatial resolution in CBCT machines for dental/maxillofacial applications—what do we know today?},
	Volume = {2015; 44:20140204},
	Url = {},
	Year = {2015}
    }
    
    


@article{Reference13,
	Abstract = {},
	Author = {L. A. Feldkamp, L. C. Davis and J. W. Kress},
	Journal = {},
	Month = {},
	Number = {},
	Numpages = {},
	Pages = {},
	Title = {Practical cone-beam algorithm},
	Volume = {},
	Url = {},
	Year = {}
    } 
    
    
@article{Reference14,
	Abstract = {},
	Author = {W. De Vos, J. Casselman, G. R. J. Swennen},
	Journal = {Int. J. Oral Maxillofac. Surg},
	Month = {},
	Number = {},
	Numpages = {609–625},
	Pages = {},
	Title = {Cone-beam computerized tomography (CBCT) imaging of the oral and maxillofacial region: A systematic review of the literature.},
	Volume = {2009; 38: 609–625},
	Url = {},
	Year = {2009}
    }


@article{Reference15,
	Abstract = {},
	Author = {Ball R. L. Barbizam J. V. Cohenca N.},
	Journal = {Journal of Endodontics},
	Month = {},
	Number = {},
	Numpages = {548–557},
	Pages = {},
	Title = {Intraoperative Endodontic Applications of Cone-Beam Computed Tomography},
	Volume = {39(4), 548–557},
	Url = {doi:10.1016/j.joen.2012.11.038},
	Year = {2013}
    }
    
    
    
@article{Reference16,
	Abstract = {},
	Author = {Klatt J.C. Heiland M. Marx S. Hanken H. Schmelzle R. Pohlenz P.},
	Journal = {Journal of Cranio-Maxillofacial Surgery},
	Month = {},
	Number = {},
	Numpages = {},
	Pages = {},
	Title = {Clinical indication for intraoperative 3D imaging during open reduction of fractures of the mandibular angle.},
	Volume = {41(5), e87–e90.},
	Url = {doi:10.1016/j.jcms.2012.11.024},
	Year = {2013}
    }


@article{Reference11,
	Abstract = {},
	Author = {Pauwels R Araki K Siewerdsen JH Thongvigitmanee SS},
	Journal = {Dentomaxillofac Radiol},
	Month = {},
	Number = {},
	Numpages = {},
	Pages = {},
	Title = {Technical aspects of dental CBCT: state of the art.},
	Volume = {2015; 44: 20140224},
	Url = {},
	Year = {2015}
    }
    
    
@article{Reference17,
	Abstract = {},
	Author = {Pauwels R Jacobs R Singer SR Mupparapu M},
	Journal = {Dentomaxillofac Radiol},
	Month = {},
	Number = {},
	Numpages = {},
	Pages = {},
	Title = {CBCT-based bone quality assessment: are Hounsfield units applicable?},
	Volume = {2015; 44: 20140238},
	Url = {},
	Year = {2015}
    }


@article{Reference18,
	Abstract = {},
	Author = {Singh S},
	Journal = {Clinical Radiology},
	Month = {},
	Number = {},
	Numpages = {},
	Pages = {},
	Title = {Quantifying bone structure, micro-architecture, and pathophysiology with MRI},
	Volume = {},
	Url = {https://doi.org/10.1016/j.crad.2017.12.010},
	Year = {2017}
    } 
    
@article{Reference19,
	Abstract = {},
	Author = {Markus Weiger. Marco Stampanoni. Klaas P. Pruessmann.},
	Journal = {},
	Month = {},
	Number = {},
	Numpages = {},
	Pages = {},
	Title = {Direct depiction of bone microstructure using MRI with zero echo time},
	Volume = {},
	Url = {},
	Year = {}
    }


@article{Reference20,
	Abstract = {},
	Author = {Raphaël Richert. Alexis Goujat. Laurent Venet.},
	Journal = {},
	Month = {},
	Number = {},
	Numpages = {},
	Pages = {},
	Title = {Intraoral Scanner Technologies: A Review to Make a Successful Impression},
	Volume = {},
	Url = {},
	Year = {}
    }
    
    
    
@article{Reference21,
	Abstract = {},
	Author = {Bong Chul Kim. Chae Eun Lee. Wonse  Park},
	Journal = {},
	Month = {},
	Number = {},
	Numpages = {},
	Pages = {},
	Title = {Integration accuracy of digital dental models and 3-dimensional computerized tomography images by sequential point- and surface-based markerless registration},
	Volume = {},
	Url = {},
	Year = {}
    }


@article{Reference22,
	Abstract = {},
	Author = {S.H. Kang J.W. Lee S.H. Lim Y.H. Kim M.K. Kim},
	Journal = {Int. J. Oral Maxillofac. Surg.},
	Month = {},
	Number = {},
	Numpages = {},
	Pages = {},
	Title = {Dental image replacement on cone beam computed tomography with three-dimensional optical scanning of a dental cast, occlusal bite, or bite tray impression.},
	Volume = {2014; 43: 1293–1301},
	Url = {},
	Year = {2014}
    }
    
    
@article{Reference24,
	Abstract = {},
	Author = {},
	Journal = {},
	Month = {},
	Number = {},
	Numpages = {},
	Pages = {},
	Title = {},
	Volume = {},
	Url = {http://www.cancerimagingarchive.net/},
	Year = {}
    }


@article{Reference46,
	Abstract = {},
	Author = {},
	Journal = {},
	Month = {},
	Number = {},
	Numpages = {},
	Pages = {},
	Title = {},
	Volume = {},
	Url = {http://research.nesc.ac.uk/privacyguard},
	Year = {}
    }
    
@article{Reference65,
	Abstract = {},
	Author = {},
	Journal = {},
	Month = {},
	Number = {},
	Numpages = {},
	Pages = {},
	Title = {},
	Volume = {},
	Url = {https://quickhash-gui.org/},
	Year = {}
    }


@article{Reference117,
	Abstract = {},
	Author = {Rodrigo Salazar-Gamarra Rosemary Seelaus Jorge Vicente Lopes da Silva Airton Moreira da Silva and Luciano Lauria Dib},
	Journal = {},
	Month = {},
	Number = {},
	Numpages = {},
	Pages = {},
	Title = {Monoscopic photogrammetry to obtain 3D models by a mobile device: a method for making facial prostheses},
	Volume = {},
	Url = {},
	Year = {}
    }
    
    
    
@article{Reference1,
	Abstract = {},
	Author = {Richard Bibb Dominic Eggbeer and Abby Paterson},
	Journal = {},
	Month = {},
	Number = {},
	Numpages = {},
	Pages = {},
	Title = { Medical Modelling - The Application of Advanced Design and Rapid Prototyping Techniques in Medicine},
	Volume = {},
	Url = {},
	Year = {}
    }


@article{Reference31,
	Abstract = {},
	Author = {},
	Journal = {},
	Month = {},
	Number = {},
	Numpages = {},
	Pages = {},
	Title = {},
	Volume = {},
	Url = {https://www.slicer.org/wiki/Main_Page},
	Year = {}
    }
    
    
@article{Reference28,
	Abstract = {28.	   },
	Author = {Fedorov A. Beichel R. Kalpathy-Cramer J. Finet J. Fillion-Robin J-C. Pujol S. Bauer C. Jennings D. Fennessy F.M. Sonka M. Buatti J. Aylward S.R. Miller J.V. Pieper S. Kikinis R.},
	Journal = {Magn Reson Imaging.},
	Month = {},
	Number = {},
	Numpages = {},
	Pages = {},
	Title = {3D Slicer as an Image Computing  Platform for the Quantitative Imaging Network.},
	Volume = {2012 Nov;30(9):1323-41. PMID: 22770690. PMCID: PMC3466397},
	Url = {},
	Year = {2012}
    }


@article{Reference35,
	Abstract = {},
	Author = {},
	Journal = {},
	Month = {},
	Number = {},
	Numpages = {},
	Pages = {},
	Title = {},
	Volume = {},
	Url = {https://discourse.slicer.org/},
	Year = {}
    }    
    
    @article{Reference29,
	Abstract = {},
	Author = {},
	Journal = {},
	Month = {},
	Number = {},
	Numpages = {},
	Pages = {},
	Title = {},
	Volume = {},
	Url = {https://www.slicer.org/wiki/Documentation},
	Year = {}
    } 
    
@article{Reference30,
	Abstract = {},
	Author = {},
	Journal = {},
	Month = {},
	Number = {},
	Numpages = {},
	Pages = {},
	Title = {},
	Volume = {},
	Url = {https://slicer.readthedocs.io/en/latest/index.html},
	Year = {}
    }


@article{Reference32,
	Abstract = {},
	Author = {},
	Journal = {},
	Month = {},
	Number = {},
	Numpages = {},
	Pages = {},
	Title = {},
	Volume = {},
	Url = {https://www.blender.org/},
	Year = {}
    }
    
    
    
@article{Reference33,
	Abstract = {},
	Author = {},
	Journal = {},
	Month = {},
	Number = {},
	Numpages = {},
	Pages = {},
	Title = {},
	Volume = {},
	Url = {https://docs.blender.org/manual/en/dev/index.html},
	Year = {}
    }


@article{Reference34,
	Abstract = {},
	Author = {},
	Journal = {},
	Month = {},
	Number = {},
	Numpages = {},
	Pages = {},
	Title = {},
	Volume = {},
	Url = {https://www.blender.org/community/},
	Year = {}
    }
    
    
@article{Reference36,
	Abstract = {},
	Author = {},
	Journal = {},
	Month = {},
	Number = {},
	Numpages = {},
	Pages = {},
	Title = {},
	Volume = {},
	Url = {http://www.meshlab.net/},
	Year = {}
    }


@article{Reference143,
	Abstract = {},
	Author = {},
	Journal = {},
	Month = {},
	Number = {},
	Numpages = {},
	Pages = {},
	Title = {},
	Volume = {},
	Url = {https://3mf.io/},
	Year = {}
    }
    
@article{Reference38,
	Abstract = {},
	Author = {},
	Journal = {},
	Month = {},
	Number = {},
	Numpages = {},
	Pages = {},
	Title = {},
	Volume = {},
	Url = {http://www.meshmixer.com/},
	Year = {}
    }


@article{Reference146,
	Abstract = {},
	Author = {David Rodríguez González Trevor Carpenter Jano I. van Hemert Joanna Wardlaw}, 
	Journal = {European Society of Radiolog},
	Month = {March},
	Number = {},
	Numpages = {},
	Pages = {},
	Title = {An open source toolkit for medical imaging de-identification},
	Volume = {},
	Url = {},
	Year = {2010}
    }
    
    
    
@article{Reference147,
	Abstract = {},
	Author = {Nico Pietroni, Marco Tarini, and Paolo Cignoni},
	Journal = {IEEE TRANSACTIONS ON VISUALIZATION AND COMPUTER GRAPHICS},
	Month = {JULY},
	Number = {},
	Numpages = {},
	Pages = {},
	Title = {Almost isometric mesh parameterization through abstract domains},
	Volume = {},
	Url = {},
	Year = {2009}
    }


@article{Reference39,
	Abstract = {},
	Author = {},
	Journal = {},
	Month = {},
	Number = {},
	Numpages = {},
	Pages = {},
	Title = {},
	Volume = {},
	Url = {https://help.autodesk.com/view/MSHMXR/2019/ENU/},
	Year = {}
    }
    
    
@article{Reference40,
	Abstract = {},
	Author = {},
	Journal = {},
	Month = {},
	Number = {},
	Numpages = {},
	Pages = {},
	Title = {},
	Volume = {},
	Url = {https://www.freecadweb.org/},
	Year = {}
    }


@article{Reference41,
	Abstract = {},
	Author = {},
	Journal = {},
	Month = {},
	Number = {},
	Numpages = {},
	Pages = {},
	Title = {},
	Volume = {},
	Url = {https://www.freecadweb.org/wiki/Main_Page/it},
	Year = {}
    }    
    
    @article{Reference42,
	Abstract = {},
	Author = {},
	Journal = {},
	Month = {},
	Number = {},
	Numpages = {},
	Pages = {},
	Title = {},
	Volume = {},
	Url = {https://legacy.gitbook.com/book/yorikvanhavre/a-freecad-manual/details},
	Year = {}
    } 
    
@article{Reference139,
	Abstract = {},
	Author = {},
	Journal = {},
	Month = {},
	Number = {},
	Numpages = {},
	Pages = {},
	Title = {},
	Volume = {},
	Url = {https://www.ntopology.com/},
	Year = {}
    }


@article{Reference44,
	Abstract = {},
	Author = {},
	Journal = {},
	Month = {},
	Number = {},
	Numpages = {},
	Pages = {},
	Title = {},
	Volume = {},
	Url = {https://ultimaker.com/en/products/ultimaker-cura-software},
	Year = {}
    }
    
    
    
@article{Reference45,
	Abstract = {},
	Author = {},
	Journal = {},
	Month = {},
	Number = {},
	Numpages = {},
	Pages = {},
	Title = {},
	Volume = {},
	Url = {https://ultimaker.com/en/resources/51943-installation-ultimaker-cura},
	Year = {}
    }


@article{Reference52,
	Abstract = {},
	Author = {},
	Journal = {},
	Month = {},
	Number = {},
	Numpages = {},
	Pages = {},
	Title = {},
	Volume = {},
	Url = {https://all3dp.com/1/cura-tutorial-software-slicer-cura-3d/},
	Year = {}
    }
    
    
@article{Reference53,
	Abstract = {},
	Author = {},
	Journal = {},
	Month = {},
	Number = {},
	Numpages = {},
	Pages = {},
	Title = {},
	Volume = {},
	Url = {https://www.akeric.com/blog/?p=3768},
	Year = {}
    }


@article{Reference54,
	Abstract = {},
	Author = {},
	Journal = {},
	Month = {},
	Number = {},
	Numpages = {},
	Pages = {},
	Title = {},
	Volume = {},
	Url = {https://www.matterhackers.com/articles/extruders-101:-a-crash-course-on-an-essential-component-of-your-3d-printer},
	Year = {}
    }
    
@article{Reference55,
	Abstract = {},
	Author = {},
	Journal = {},
	Month = {},
	Number = {},
	Numpages = {},
	Pages = {},
	Title = {},
	Volume = {},
	Url = {https://www.fabbaloo.com/blog/2015/11/11/bowden-or-direct-a-primer-on-extruder-styles},
	Year = {}
    }


@article{Reference56,
	Abstract = {},
	Author = {},
	Journal = {},
	Month = {},
	Number = {},
	Numpages = {},
	Pages = {},
	Title = {},
	Volume = {},
	Url = {https://ultimaker.com/en/blog/52266-whats-new-in-ultimaker-cura-31},
	Year = {}
    }
    
    
    
@article{Reference43,
	Abstract = {},
	Author = {},
	Journal = {},
	Month = {},
	Number = {},
	Numpages = {},
	Pages = {},
	Title = {},
	Volume = {},
	Url = {https://www.autodesk.it/products/inventor/overview},
	Year = {}
    }


@article{Reference138,
	Abstract = {},
	Author = {Iwan Zein Dietmar W. Hutmacher Kim Cheng Tan Swee Hin Teoh },
	Journal = {},
	Month = {},
	Number = {},
	Numpages = {},
	Pages = {},
	Title = {Fused deposition modeling of novel scaffold architectures for tissue engineering applications},
	Volume = {},
	Url = {},
	Year = {}
    }
    
    
@article{Reference47,
	Abstract = {},
	Author = {},
	Journal = {},
	Month = {},
	Number = {},
	Numpages = {},
	Pages = {},
	Title = {},
	Volume = {},
	Url = {http://www.cancerimagingarchive.net/},
	Year = {}
    }


@article{Reference48,
	Abstract = {},
	Author = {},
	Journal = {},
	Month = {},
	Number = {},
	Numpages = {},
	Pages = {},
	Title = {},
	Volume = {},
	Url = {http://www.cancerimagingarchive.net/about-the-cancer-imaging-archive-tcia/},
	Year = {}
    }    
    
    @article{Reference49,
	Abstract = {},
	Author = {},
	Journal = {},
	Month = {},
	Number = {},
	Numpages = {},
	Pages = {},
	Title = {},
	Volume = {},
	Url = {https://cancergenome.nih.gov/},
	Year = {}
    } 
    
@article{Reference50,
	Abstract = {},
	Author = {},
	Journal = {},
	Month = {},
	Number = {},
	Numpages = {},
	Pages = {},
	Title = {},
	Volume = {},
	Url = {https://www.slicer.org/wiki/Documentation/4.8/Modules/DICOM},
	Year = {}
    }


@article{Reference90,
	Abstract = {},
	Author = {},
	Journal = {},
	Month = {},
	Number = {},
	Numpages = {},
	Pages = {},
	Title = {},
	Volume = {},
	Url = {http://meshlabstuff.blogspot.com/2010/01/measuring-difference-between-two-meshes.html},
	Year = {}
    }
    
    
    
@article{Reference91,
	Abstract = {},
	Author = {},
	Journal = {},
	Month = {},
	Number = {},
	Numpages = {},
	Pages = {},
	Title = {},
	Volume = {},
	Url = {http://cgm.cs.mcgill.ca/~godfried/teaching/cg-projects/98/normand/main.html},
	Year = {}
    }


@article{Reference92,
	Abstract = {},
	Author = {},
	Journal = {},
	Month = {},
	Number = {},
	Numpages = {},
	Pages = {},
	Title = {},
	Volume = {},
	Url = {Herbert Edelsbrunner - CPS296.1: COMPUTATIONAL TOPOLOGY},
	Year = {}
    }
    
    
@article{Reference93,
	Abstract = {},
	Author = {},
	Journal = {},
	Month = {},
	Number = {},
	Numpages = {},
	Pages = {},
	Title = {},
	Volume = {},
	Url = {https://www2.cs.duke.edu/courses/fall06/cps296.1/Lectures/sec-II-1.pdf},
	Year = {}
    }


@article{Reference94,
	Abstract = {},
	Author = {},
	Journal = {},
	Month = {},
	Number = {},
	Numpages = {},
	Pages = {},
	Title = {},
	Volume = {},
	Url = {http://makerhome.blogspot.com/2014/01/day-148-shrinking-and-remeshing-fidget.html#},
	Year = {}
    }
    
@article{Reference95,
	Abstract = {},
	Author = {},
	Journal = {},
	Month = {},
	Number = {},
	Numpages = {},
	Pages = {},
	Title = {},
	Volume = {},
	Url = {Kazhdan, M., and Hoppe, H. Screened Poisson surface reconstruction. - ACM Trans. Graph},
	Year = {}
    }


@article{Reference96,
	Abstract = {},
	Author = {},
	Journal = {},
	Month = {},
	Number = {},
	Numpages = {},
	Pages = {},
	Title = {},
	Volume = {},
	Url = {http://meshlabstuff.blogspot.com/2010/07/remeshing-and-texturing-1.html},
	Year = {}
    }
    
    
    
@article{Reference118,
	Abstract = {},
	Author = {Brief J. Edinger D. Hassfeld S. Eggers G.},
	Journal = {Clin. Oral Impl. Res.},
	Month = {},
	Number = {},
	Numpages = {},
	Pages = {},
	Title = {Accuracy of image-guided implantology.},
	Volume = {16, 2005; 495–501},
	Url = {doi: 10.1111/j.1600-0501.2005.01133.x},
	Year = {2005}
    }


@article{Reference119,
	Abstract = {},
	Author = {},
	Journal = {},
	Month = {},
	Number = {},
	Numpages = {},
	Pages = {},
	Title = {},
	Volume = {},
	Url = {https://www.additively.com/en/learn-about/3d-printing-technologies},
	Year = {}
    }
    
    
@article{Reference120,
	Abstract = {},
	Author = {},
	Journal = {},
	Month = {},
	Number = {},
	Numpages = {},
	Pages = {},
	Title = {},
	Volume = {},
	Url = {https://www.3dhubs.com/what-is-3d-printing},
	Year = {}
    }


@article{Reference124,
	Abstract = {},
	Author = {},
	Journal = {},
	Month = {},
	Number = {},
	Numpages = {},
	Pages = {},
	Title = {},
	Volume = {},
	Url = {https://patents.google.com/patent/US4575330A/en},
	Year = {}
    }    
    
    
    
    
@article{Reference123,
	Abstract = {},
	Author = {},
	Journal = {},
	Month = {},
	Number = {},
	Numpages = {},
	Pages = {},
	Title = {},
	Volume = {},
	Url = {https://www.carbon3d.com/},
	Year = {}
    }    
    
    
@article{Reference121,
	Abstract = {},
	Author = {DHANANJAY DENDUKURI. DANIEL C. PREGIBON. JESSE COLLINS. T. ALAN HATTON AND PATRICK S. DOYLE},
	Journal = {},
	Month = {},
	Number = {},
	Numpages = {},
	Pages = {},
	Title = {Continuous-flow lithography for high-throughput microparticle synthesis},
	Volume = {},
	Url = {},
	Year = {}
    }    
    
    
@article{Reference122,
	Abstract = {},
	Author = {John R. Tumbleston David Shirvanyants. Nikita Ermoshkin. Rima Janusziewicz. Ashley R. Johnson. David Kelly. Kai Chen. Robert Pinschmidt. Jason P. Rolland. Alexander Ermoshkin. Edward T. Samulski. Joseph M. DeSimone.},
	Journal = {},
	Month = {},
	Number = {},
	Numpages = {},
	Pages = {},
	Title = {Continuous liquid interface production of 3D objects},
	Volume = {},
	Url = {},
	Year = {}
    }    
    
    
@article{Reference2,
	Abstract = {},
	Author = {},
	Journal = {},
	Month = {},
	Number = {},
	Numpages = {},
	Pages = {},
	Title = {},
	Volume = {},
	Url = {https://www.repetier.com/},
	Year = {}
    }
    
    
@article{Reference3,
	Abstract = {},
	Author = {},
	Journal = {},
	Month = {},
	Number = {},
	Numpages = {},
	Pages = {},
	Title = {},
	Volume = {},
	Url = {https://duet3d.dozuki.com/},
	Year = {}
    }    
    
    
@article{Reference4,
	Abstract = {},
	Author = {},
	Journal = {},
	Month = {},
	Number = {},
	Numpages = {},
	Pages = {},
	Title = {},
	Volume = {},
	Url = {https://reprap.org/wiki/Triffid_Hunter%27s_Calibration_Guide},
	Year = {}
    }


@article{Reference5,
	Abstract = {},
	Author = {},
	Journal = {},
	Month = {},
	Number = {},
	Numpages = {},
	Pages = {},
	Title = {},
	Volume = {},
	Url = {https://www.micromo.com/media/wysiwyg/Technical-library/Stepper/6_Microstepping%20WP.pdf},
	Year = {}
    }    
    
    
@article{Reference6,
	Abstract = {Da notare la risposta dell'user cmm (https://3dprinting.stackexchange.com/users/2082/cmm) :
"I think the sentence "As an example: a motor running in full steps will have 100% of its rated holding torque. Moving to 16 micro-steps/full steps drops this to ~10%, 128 drops it to ~1%." misses something important about stepper motors.  A stepper motor torque-vs-position-error curve is like a sin curve.  There is zero torque at zero displacement, and maximum torque at one full-step displacement. This doesn't change with micro-stepping. Thus, if you are taking 1/128th of a full step, it will truly give you very little torque.  OTOH (On The Other Hand) if you happen to stop, given a full step, at 1/128th of a step in error, you will also have a very small torque toward the correct position."},
	Author = {},
	Journal = {},
	Month = {},
	Number = {},
	Numpages = {},
	Pages = {},
	Title = {},
	Volume = {},
	Url = {https://3dprinting.stackexchange.com/questions/134/what-are-the-benefits-to-using-128x-microstepping-drivers-on-the-x-and-y-axis-of?newreg=112ccf60fcd34fb7a77aa8a0ade17cdd},
	Year = {}
    }    
    
    
    
@article{Reference51,
	Abstract = {},
	Author = {},
	Journal = {},
	Month = {},
	Number = {},
	Numpages = {},
	Pages = {},
	Title = {},
	Volume = {},
	Url = {https://www.linearmotiontips.com/common-ball-screw-terms-explained/},
	Year = {}
    }    
    
    
@article{Reference7,
	Abstract = {},
	Author = {},
	Journal = {},
	Month = {},
	Number = {},
	Numpages = {},
	Pages = {},
	Title = {},
	Volume = {},
	Url = {http://marlinfw.org/docs/features/auto_bed_leveling.html},
	Year = {}
    }    
    
    
@article{Reference8,
	Abstract = {},
	Author = {},
	Journal = {},
	Month = {},
	Number = {},
	Numpages = {},
	Pages = {},
	Title = {},
	Volume = {},
	Url = {http://marlinfw.org/docs/gcode/G029-abl.html},
	Year = {}
    }    
    
    
@article{Reference9,
	Abstract = {},
	Author = {},
	Journal = {},
	Month = {},
	Number = {},
	Numpages = {},
	Pages = {},
	Title = {},
	Volume = {},
	Url = {http://lokspace.eu/3d-printer-auto-bed-leveling-mesh-visualizer/},
	Year = {}
    }
    
    
@article{Reference10,
	Abstract = {},
	Author = {},
	Journal = {},
	Month = {},
	Number = {},
	Numpages = {},
	Pages = {},
	Title = {},
	Volume = {},
	Url = {https://duet3d.dozuki.com/Wiki/Using_mesh_bed_compensation#Section_Probe_the_bed},
	Year = {}
    }    
    
    
@article{Reference103,
	Abstract = {},
	Author = {A. Dawood. B. Marti Marti. V. Sauret-Jackson and A. Darwood},
	Journal = {British Dental Journal},
	Month = {October},
	Number = {},
	Numpages = {},
	Pages = {},
	Title = {3D printing in dentistry},
	Volume = {2015; 219: 521-529},
	Url = {10.1038/sj.bdj.2015.914},
	Year = {2015}
    }


@article{Reference67,
	Abstract = {},
	Author = {Kah Heng. Alexander Lim. Zhou Yaw Loo. Stephen J. Goldie. Justin W. Adams. Paul G. McMenamin},
	Journal = {},
	Month = {},
	Number = {},
	Numpages = {},
	Pages = {},
	Title = {Use of 3D Printed Models in Medical Education: A Randomized Control Trial Comparing 3D Prints Versus Cadaveric Materials for Learning External Cardiac Anatomy},
	Volume = {},
	Url = {},
	Year = {}
    }    
    
    
@article{Reference66,
	Abstract = {},
	Author = {Joss Cohen. Samuel A. Reyes},
	Journal = {},
	Month = {},
	Number = {},
	Numpages = {},
	Pages = {},
	Title = {Creation of a 3D printed temporal bone model from clinical CT data},
	Volume = {},
	Url = {},
	Year = {}
    }
    
    
@article{Reference70,
	Abstract = {},
	Author = {Daniel C.N. Chan D.M.D. M.S. D.D.S.; Kevin B. Frazier D.M.D.; Laam A. Tse M.S.; David W. Rosen Ph.D.},
	Journal = {},
	Month = {},
	Number = {},
	Numpages = {},
	Pages = {},
	Title = {Application of Rapid Prototyping to Operative Dentistry Curriculum},
	Volume = {},
	Url = {},
	Year = {}
    }    
    
    
@article{Reference69,
	Abstract = {},
	Author = {Lambrecht J. T. H. Berndt D. Christensen A. M. and Zehnder M.},
	Journal = {International Journal of Oral and Maxillofacial Surgery},
	Month = {},
	Number = {},
	Numpages = {},
	Pages = {},
	Title = {Haptic model fabrication for undergraduate and postgraduate teaching.},
	Volume = {39(12), 1226–1229},
	Url = {10.1016/j.ijom.2010.07.014},
	Year = {2010}
    }    
    
    
@article{Reference71,
	Abstract = {},
	Author = {Paulo Vinícius Soares Ph.D.; Giovana de Almeida Milito M.S.; Fabrícia Araújo Pereira M.S.; Bruno Rodrigues Reis Ph.D.; Carlos José Soares Ph.D.; Murilo de Sousa Menezes Ph.D.; Paulo César de Freitas Santos-Filho Ph.D.},
	Journal = {},
	Month = {},
	Number = {},
	Numpages = {},
	Pages = {},
	Title = {Rapid Prototyping and 3D-Virtual Models for Operative Dentistry Education in Brazil},
	Volume = {},
	Url = {},
	Year = {}
    }    
    
    
@article{Reference72,
	Abstract = {},
	Author = {E. Kroger M. Dekiff and D. Dirksen},
	Journal = {},
	Month = {},
	Number = {},
	Numpages = {},
	Pages = {},
	Title = {3D printed simulation models based on real patient situations for hands-on practice},
	Volume = {},
	Url = {},
	Year = {}
    }
    
    
@article{Reference73,
	Abstract = {},
	Author = {M Reymus. C Fotiadou. A Kessler. K Heck. R Hickel. C Diegritz},
	Journal = {},
	Month = {},
	Number = {},
	Numpages = {},
	Pages = {},
	Title = {3D printed replicas for endodontic education},
	Volume = {},
	Url = {},
	Year = {}
    }    
    
    
@article{Reference74,
	Abstract = {},
	Author = {Verma Walker, MLIS},
	Journal = {},
	Month = {},
	Number = {},
	Numpages = {},
	Pages = {},
	Title = {Implementing a 3D printing service in a biomedical library},
	Volume = {},
	Url = {},
	Year = {}
    }


@article{Reference75,
	Abstract = {},
	Author = {},
	Journal = {},
	Month = {},
	Number = {},
	Numpages = {},
	Pages = {},
	Title = {},
	Volume = {},
	Url = {https://3dprint.nih.gov/},
	Year = {}
    }    
    
    
@article{Reference76,
	Abstract = {},
	Author = {},
	Journal = {},
	Month = {},
	Number = {},
	Numpages = {},
	Pages = {},
	Title = {},
	Volume = {},
	Url = {https://www.embodi3d.com/files/},
	Year = {}
    }
@article{Reference109,
	Abstract = {},
	Author = {Lin Wang. Dan Tian. Xiumei Sun. Yanju Xiao. Li Chen. Guomin Wu},
	Journal = {},
	Month = {},
	Number = {},
	Numpages = {},
	Pages = {},
	Title = {The Precise Repositioning Instrument for Genioplasty and a Three-Dimensional Printing Technique for Treatment of Complex Facial Asymmetry},
	Volume = {},
	Url = {},
	Year = {}
    }    
    
@article{Reference77,
	Abstract = {},
	Author = {Bernardino M. Mendez MD. Michael V. Chiodo BS. and Parit A. Patel MD},
	Journal = {},
	Month = {},
	Number = {},
	Numpages = {},
	Pages = {},
	Title = {Customized In-Office Three-Dimensional Printing for Virtual Surgical Planning in Craniofacial Surgery},
	Volume = {},
	Url = {},
	Year = {}
    }    
    
    
@article{Reference78,
	Abstract = {},
	Author = {Mehmet Emin Mavili MD. Halil Ibrahim Canter MD. Banu Saglam-Aydinatay DDS PhD. Soner Kamaci DDS. Ilken Kocadereli DDS PhD.},
	Journal = {},
	Month = {},
	Number = {},
	Numpages = {},
	Pages = {},
	Title = {Use of Three-Dimensional Medical Modeling Methods for Precise Planning of Orthognathic Surgery},
	Volume = {},
	Url = {},
	Year = {}
    }    
    
    
@article{Reference80,
	Abstract = {},
	Author = {Cicero Moraes},
	Journal = {},
	Month = {},
	Number = {},
	Numpages = {},
	Pages = {},
	Title = {},
	Volume = {},
	Url = {http://www.ciceromoraes.com.br/doc/pt_br/OrtogOnBlender/Protocolo_Planejamento.html},
	Year = {}
    }
    
    
@article{Reference145,
	Abstract = {},
	Author = {},
	Journal = {},
	Month = {},
	Number = {},
	Numpages = {},
	Pages = {},
	Title = {},
	Volume = {},
	Url = {https://www.youtube.com/watch?v=r9yU_1UR31M&t=1997s},
	Year = {}
    }    
    
    
@article{Reference81,
	Abstract = {},
	Author = {J. Kortes. H. Dehnad. A. N. T. Kotte. W. M. M. Fennis. A. J. W. P. Rosenberg},
	Journal = {Int. J. Oral Maxillofac. Surg.},
	Month = {},
	Number = {},
	Numpages = {},
	Pages = {},
	Title = {A novel digital workflow to manufacture personalized three-dimensional-printed hollow surgical obturators after maxillectomy.},
	Volume = {},
	Url = {},
	Year = {2018}
    }


@article{Reference82,
	Abstract = {},
	Author = {David C. Ackland. Dale Robinson. Michael Redhead. Peter Vee Sin Lee. Adrian Moskaljuk. George Dimitroulis.},
	Journal = {},
	Month = {},
	Number = {},
	Numpages = {},
	Pages = {},
	Title = {A personalized 3D-printed prosthetic joint replacement for the human temporomandibular joint: From implant design to implantation},
	Volume = {},
	Url = {},
	Year = {}
    }    
    
    
@article{Reference105,
	Abstract = {},
	Author = {N. Van Assche. M. Vercruyssen. W.Coucke. W. Teughels, R. Jacobs. M. Quirynen.},
	Journal = {},
	Month = {},
	Number = {},
	Numpages = {},
	Pages = {},
	Title = {Accuracy of computer-aided implant placement},
	Volume = {},
	Url = {},
	Year = {}
    }


@article{Reference83,
	Abstract = {},
	Author = {Daniel Whitley III DDS. R. Scott Eidson DDS. Ivan Rudek DDS MS. and Sompop Bencharit DDS MS PhD.},
	Journal = {},
	Month = {},
	Number = {},
	Numpages = {},
	Pages = {},
	Title = {In-office fabrication of dental implant surgical guides using desktop stereolithographic printing and implant treatment planning software: A clinical report},
	Volume = {},
	Url = {},
	Year = {}
    }    
    
    
@article{Reference104,
	Abstract = {},
	Author = {Mario Beretta. Pier Paolo Poli. Carlo Maiorana},
	Journal = {},
	Month = {},
	Number = {},
	Numpages = {},
	Pages = {},
	Title = {Accuracy of computer-aided template-guided oral implant placement: a prospective clinical study},
	Volume = {},
	Url = {},
	Year = {}
    }    
    
    
@article{Reference84,
	Abstract = {},
	Author = {F. G. Mangano. F. Luongo. G. Picciocchi. C. Mortellaro. K. B. Park. and C.Mangano.},
	Journal = {},
	Month = {},
	Number = {},
	Numpages = {},
	Pages = {},
	Title = {Impianto custom-made in titanio microfuso al laser: case report},
	Volume = {},
	Url = {},
	Year = {}
    }    
    
    
@article{Reference85,
	Abstract = {},
	Author = {Francesco Guido Mangano. Michele De Franco. Alberto Caprioglio. Aldo Macchi. Adriano Piattelli.  Carlo Mangano.},
	Journal = {},
	Month = {},
	Number = {},
	Numpages = {},
	Pages = {},
	Title = {Immediate, non-submerged, root-analogue direct laser metal sintering (DLMS) implants: a 1-year prospective study on 15 patients},
	Volume = {},
	Url = {},
	Year = {}
    }
    
    
@article{Reference86,
	Abstract = {},
	Author = {W. Pirker. A. Kocher.},
	Journal = {Int. J. Oral Maxillofac. Surg.},
	Month = {},
	Number = {},
	Numpages = {},
	Pages = {},
	Title = {Immediate, non-submerged, root-analogue zirconia implant in single tooth replacement.},
	Volume = {2008; 37: 293–295.},
	Url = {},
	Year = {2008}
    }    
    
    
@article{Reference87,
	Abstract = {},
	Author = {W. Pirker. A. Kocher.},
	Journal = {Int. J. Oral Maxillofac. Surg.},
	Month = {},
	Number = {},
	Numpages = {},
	Pages = {},
	Title = {Immediate, non-submerged, root-analogue zirconia implants placed into single-rooted extraction sockets: 2-year follow-up of a clinical study.},
	Volume = {2009; 38: 1127–1132.},
	Url = {},
	Year = {2009}
    }


@article{Reference88,
	Abstract = {},
	Author = {Amod Patankar. Rajesh Kshirsagar. Swapna Patankar. Sudhir Pawar.},
	Journal = {},
	Month = {},
	Number = {},
	Numpages = {},
	Pages = {},
	Title = {Immediate, Non Submerged Root Analog Zirconia Implant in Single Rooted Tooth Replacement: Case Report with 2 years Follow Up},
	Volume = {},
	Url = {},
	Year = {}
    }    
    
    
@article{Reference89,
	Abstract = {},
	Author = {Anssari Moin D. Hassan B. Wismeijer D.},
	Journal = {Clin. Oral Impl. Res.},
	Month = {},
	Number = {},
	Numpages = {},
	Pages = {},
	Title = {A novel approach for custom three-dimensional printing of a zirconia root analogue implant by digital light processing.},
	Volume = {00, 2016, 1–3},
	Url = {10.1111/clr.12859},
	Year = {2016}
    }
    
 
@article{Reference97,
	Abstract = {},
	Author = {Dorit Nötzel. Ralf Eickhoff. and Thomas Hanemann.},
	Journal = {},
	Month = {},
	Number = {},
	Numpages = {},
	Pages = {},
	Title = {Fused Filament Fabrication of Small Ceramic Components},
	Volume = {},
	Url = {},
	Year = {}
    }    
    
    
@article{Reference98,
	Abstract = {},
	Author = {Tahayeri A et al.},
	Journal = {Dent Mater},
	Month = {},
	Number = {},
	Numpages = {},
	Pages = {},
	Title = {3D printed versus conventionally cured provisional crown and bridge dental materials.},
	Volume = {},
	Url = {https://doi.org/10.1016/j.dental.2017.10.003},
	Year = {2017}
    }    
    
    
@article{Reference99,
	Abstract = {},
	Author = {Katreva I. Dikova Ts. Tonchev Ts.},
	Journal = {J of IMAB},
	Month = {},
	Number = {},
	Numpages = {},
	Pages = {},
	Title = {3D printing – an alternative of conventional crown fabrication: a case report.},
	Volume = {2018 Apr-Jun;24(2):2048-2054},
	Url = {https://doi.org/10.5272/jimab.2018242.2048},
	Year = {2018}
    }    
    
    
@article{Reference100,
	Abstract = {},
	Author = {Marta Revilla-León. DDS MSD. Adriana Besné-Torre RDT. Jose Luis Sánchez-Rubio RDT. Javier J. Fábrega DDS MS. and Mutlu Özcan DDS DMD PhD.},
	Journal = {},
	Month = {},
	Number = {},
	Numpages = {},
	Pages = {},
	Title = {Digital tools and 3D printing technologies integrated into the workflow of restorative treatment: A clinical report},
	Volume = {},
	Url = {},
	Year = {}
    }
    
    
@article{Reference101,
	Abstract = {},
	Author = {Alharbi N. Osman RB. Wismeijer D.},
	Journal = {Int J Prosthodont.},
	Month = {},
	Number = {},
	Numpages = {},
	Pages = {},
	Title = {Factors Influencing the Dimensional Accuracy of 3D-Printed Full-Coverage Dental Restorations Using Stereolithography Technology.},
	Volume = {Sep-Oct;29(5):503-10},
	Url = {10.11607/ijp.4835},
	Year = {2016}
    }    
    
    
@article{Reference102,
	Abstract = {},
	Author = {Osman RB. Alharbi N. Wismeijer D.},
	Journal = {Int J Prosthodont.},
	Month = {},
	Number = {},
	Numpages = {},
	Pages = {},
	Title = {Build Angle: Does It Influence the Accuracy of 3D-Printed Dental Restorations Using Digital Light-Processing Technology?},
	Volume = {2017 Mar/Apr;30(2):182-188.},
	Url = {10.11607/ijp.5117},
	Year = {2017}
    }


@article{Reference106,
	Abstract = {},
	Author = {J. Ebert. E. Özkol. A. Zeichner. K. Uibel. Ö. Weiss. U. Koops. R. Telle and H. Fischer},
	Journal = {J DENT RES},
	Month = {},
	Number = {},
	Numpages = {},
	Pages = {},
	Title = {Direct Inkjet Printing of Dental Prostheses Made of Zirconia},
	Volume = {2009 88: 673},
	Url = {10.1177/0022034509339988},
	Year = {2009}
    }    
    
    
@article{Reference107,
	Abstract = {},
	Author = {Alharbi N. Wismeijer D. Osman RB.},
	Journal = {Int J Prosthodont.},
	Month = {},
	Number = {},
	Numpages = {},
	Pages = {},
	Title = {Additive Manufacturing Techniques in Prosthodontics: Where Do We Currently Stand? A Critical Review.},
	Volume = {September/October;30(5):474–484.},
	Url = {10.11607/ijp.5079},
	Year = {2017}
    }  



@article{Reference108,
	Abstract = {},
	Author = {Wei-Shao Lin DDS. Bryan T. Harris DMD. John Pellerito BS. and Dean Morton BDS MS.},
	Journal = {},
	Month = {},
	Number = {},
	Numpages = {},
	Pages = {},
	Title = {Fabrication of an interim complete removable dental prosthesis with an in-office digital light processing three-dimensional printer: A proof-of-concept technique},
	Volume = {},
	Url = {},
	Year = {}
    }    
    
    
@article{Reference125,
	Abstract = {},
	Author = {Nawal Alharbi. Saud Alharbi. Vincent M.J.I. Cuijpers. Reham B. Osman. Daniel Wismeijer.},
	Journal = {},
	Month = {},
	Number = {},
	Numpages = {},
	Pages = {},
	Title = {Three-dimensional evaluation of marginal and internal fit of 3D-printed interim restorations fabricated on different finish line designs},
	Volume = {},
	Url = {},
	Year = {}
    }    
    
    
@article{Reference113,
	Abstract = {},
	Author = {Wan Nurazreena. Wan Hassan. Yusnilawati Yusoff. and Noor Azizi Mardic.},
	Journal = {},
	Month = {},
	Number = {},
	Numpages = {},
	Pages = {},
	Title = {Comparison of reconstructed rapid prototyping models produced by 3-dimensional printing and conventional stone models with different degrees of crowding.},
	Volume = {},
	Url = {},
	Year = {}
    }    
    
    
@article{Reference115,
	Abstract = {},
	Author = {K.-F. Krey. M. Darkazanly. R. Kuhnert. S. Ruge.},
	Journal = {},
	Month = {},
	Number = {},
	Numpages = {},
	Pages = {},
	Title = {3D-printed orthodontic brackets – proof of concept},
	Volume = {},
	Url = {},
	Year = {}
    }
    
    
@article{Reference116,
	Abstract = {},
	Author = {S. FAYYAZ AHAMED MDS. A.S. APROS KANNA MDS.},
	Journal = {},
	Month = {},
	Number = {},
	Numpages = {},
	Pages = {},
	Title = {A 3D-Printed Miniscrew Insertion Stent},
	Volume = {},
	Url = {},
	Year = {}
    }    
    
    
@article{Reference127,
	Abstract = {},
	Author = {Fabio Ciuffolo. Ettore Epifania. Gionni Duranti. Valentina De Luca. Daniele Raviglia. Silvia Rezza and Felice Festa.},
	Journal = {},
	Month = {},
	Number = {},
	Numpages = {},
	Pages = {},
	Title = {Rapid prototyping: A new method of preparing trays for indirect bonding},
	Volume = {},
	Url = {},
	Year = {}
    }


@article{Reference126,
	Abstract = {},
	Author = {S. FAYYAZ AHAMED MDS. A.S. APROS KANNA MDS. R.K. VIJAYA KUMAR MDS.},
	Journal = {},
	Month = {},
	Number = {},
	Numpages = {},
	Pages = {},
	Title = {3D-Printed Orthodontic Auxiliaries},
	Volume = {},
	Url = {},
	Year = {}
    }    
    
    
@article{Reference112,
	Abstract = {},
	Author = {Christian Andreas Dietrich. Andreas Ender. Stefan Baumgartner. Albert Mehl.},
	Journal = {Angle Orthod.},
	Month = {Sep},
	Number = {},
	Numpages = {},
	Pages = {},
	Title = {A Validation Study of Reconstructed Rapid Prototyping Models Produced by Two Technologies},
	Volume = {87 (5), 782-787 Sep 2017},
	Url = {10.2319/01091-727.1},
	Year = {2017}
    }


@article{Reference111,
	Abstract = {},
	Author = {W. Joerd van der Meer DDS. Arjan Vissink DDS PhD. Yijin Ren DDS PhD.},
	Journal = {},
	Month = {},
	Number = {},
	Numpages = {},
	Pages = {},
	Title = {Full 3-dimensional digital workflow for multicomponent dental appliances A proof of concept},
	Volume = {},
	Url = {},
	Year = {}
    }    
    
    
@article{Reference114,
	Abstract = {},
	Author = {Michele Cassetta. Matteo Giansanti.},
	Journal = {},
	Month = {},
	Number = {},
	Numpages = {},
	Pages = {},
	Title = {Accelerating orthodontic tooth movement: A new, minimally-invasive corticotomy technique using a 3D-printed surgical template},
	Volume = {},
	Url = {},
	Year = {}
    }    
    
    
@article{Reference110,
	Abstract = {},
	Author = {Jheon AH. Oberoi S. Solem RC. Kapila S.},
	Journal = {Orthod Craniofac Res.},
	Month = {},
	Number = {},
	Numpages = {},
	Pages = {},
	Title = {Moving towards precision orthodontics: An evolving paradigm shift in the planning and delivery of customized orthodontic therapy.},
	Volume = {2017;20(Suppl. 1): 106–113.},
	Url = {https://doi.org/10.1111/ocr.12171},
	Year = {2017}
    }    
    
    
@article{Reference140,
	Abstract = {},
	Author = {Insan Janga; Motohiro Tanakab; Yoshiyuki Kogac; Seiko Iijimab; Joseph H. Yozgatiand; Bong Kuen Chae; Noriaki Yoshidaf},
	Journal = {},
	Month = {},
	Number = {},
	Numpages = {},
	Pages = {},
	Title = {A Novel Method for the Assessment of Three-Dimensional Tooth Movement during Orthodontic Treatment},
	Volume = {},
	Url = {},
	Year = {}
    }
    
    
@article{Reference79,
	Abstract = {},
	Author = {Marianna Matos Souza. Edimar Antônio Nogueira Mota. Cicero Moraes. Everton Rosa. Gustavo Souza. Paulo Henrique Luiz de Freitas.},
	Journal = {},
	Month = {},
	Number = {},
	Numpages = {},
	Pages = {},
	Title = {ORTOGONBLENDER: A UTILIZAÇÃO DE SOFTWARE LIVRE PARA O PLANEJAMENTO VIRTUAL DE CIRURGIAS ORTOGNÁTICAS},
	Volume = {},
	Url = {},
	Year = {}
    }    
    
    
@article{Reference128,
	Abstract = {},
	Author = {Fergal J. O’Brien},
	Journal = {},
	Month = {},
	Number = {},
	Numpages = {},
	Pages = {},
	Title = {Biomaterials and scaffolds for tissue engineering},
	Volume = {},
	Url = {},
	Year = {}
    }


@article{Reference129,
	Abstract = {},
	Author = {S. Ivanovski. C. Vaquette. S. Gronthos. D.W. Hutmacher. and P.M. Bartold.},
	Journal = {},
	Month = {},
	Number = {},
	Numpages = {},
	Pages = {},
	Title = {Multiphasic Scaffolds for Periodontal Tissue Engineering},
	Volume = {},
	Url = {},
	Year = {}
    }    
    
    
@article{Reference131,
	Abstract = {Niklaus P. Lang. Jan Lindhe. Tord Berglundh. William V. Giannobile. Mariano Sanz.},
	Author = {},
	Journal = {},
	Month = {},
	Number = {},
	Numpages = {},
	Pages = {},
	Title = {Clinical Periodontology and Implant Dentistry (6th edition)},
	Volume = {},
	Url = {},
	Year = {}
    } 
    

@article{Reference136,
	Abstract = {},
	Author = {Brian Derby},
	Journal = {Science},
	Month = {},
	Number = {},
	Numpages = {},
	Pages = {},
	Title = {Printing and Prototyping of Tissues and Scaffolds},
	Volume = {338, 921 (2012)},
	Url = {0.1126/science.1226340},
	Year = {2012}
    }    
    
    
@article{Reference137,
	Abstract = {},
	Author = {Nick A. Sears BS MS. Dhruv R. Seshadri BS. Prachi S. Dhavalikar BS. and Elizabeth Cosgriff-Hernandez BS PhD},
	Journal = {},
	Month = {},
	Number = {},
	Numpages = {},
	Pages = {},
	Title = {A Review of Three-Dimensional Printing in Tissue Engineering},
	Volume = {},
	Url = {},
	Year = {}
    }    
    
    
@article{Reference130,
	Abstract = {},
	Author = {Komlev VS. Popov VK. Mironov AV. Fedotov AY. Teterina AY. Smirnov IV. Bozo IY. Rybko VA and Deev RV},
	Journal = {Front. Bioeng. Biotechnol.},
	Month = {},
	Number = {},
	Numpages = {},
	Pages = {},
	Title = {3D printing of octacalcium phosphate bone substitutes.},
	Volume = {3:81},
	Url = {10.3389/fbioe.2015.00081},
	Year = {2015}
    }    
    
    
@article{Reference132,
	Abstract = {},
	Author = {Ben P. Hung. Bilal A. Naved. Ethan L. Nyberg. Miguel Dias. Christina A.Holmes. Jennifer H. Elisseeff. Amir H. Dorafshar. and Warren L. Grayson.},
	Journal = {},
	Month = {},
	Number = {},
	Numpages = {},
	Pages = {},
	Title = {Three-dimensional printing of bone extracellular matrix for craniofacial regeneration},
	Volume = {},
	Url = {},
	Year = {}
    }
    
    
@article{Reference134,
	Abstract = {},
	Author = {G. Rasperini. S.P. Pilipchuk. C.L. Flanagan. C.H. Park. G. Pagni. S.J. Hollister. and W.V. Giannobile.},
	Journal = {},
	Month = {},
	Number = {},
	Numpages = {},
	Pages = {},
	Title = {3D-printed Bioresorbable Scaffold for Periodontal Repair},
	Volume = {},
	Url = {},
	Year = {}
    }    
    
    
@article{Reference135,
	Abstract = {},
	Author = {Chang H. Lee PhD. Jeffrey Hajibandeh DDS. Takahiro Suzuki DDS PhD. Andrew Fan Peng Shang PhD. and Jeremy J. Mao DDS PhD.},
	Journal = {},
	Month = {},
	Number = {},
	Numpages = {},
	Pages = {},
	Title = {Three-Dimensional Printed Multiphase Scaffolds for Regeneration of Periodontium Complex},
	Volume = {},
	Url = {},
	Year = {}
    }
    
    
@article{Reference142,
	Abstract = {},
	Author = {HaiMing Zhao. FeiFei Yang. JianZhong Fu. Qing Gao. An Liu.  Miao Sun. Yong He.},
	Journal = {},
	Month = {},
	Number = {},
	Numpages = {},
	Pages = {},
	Title = {Printing@clinic: from medical models to organ implants},
	Volume = {},
	Url = {},
	Year = {}
    }    
    
    
    
@article{Reference133,
	Abstract = {},
	Author = {N. S. Sergeeva. I. K. Sviridova. V. S. Komlev. P. A. Karalkin. V. A. Kirsanova. S. A. Akhmedova. Ya. D. Shanskij. E. A. Kuvshinova. A. Yu. Fedotov. A. Yu. Teterina. and S. M. Barinov.},
	Journal = {},
	Month = {},
	Number = {},
	Numpages = {},
	Pages = {},
	Title = {3D Printed Constructs with Antibacterial or Antitumor Activity for Surgical Treatment of Bone Defects in Cancer Patients},
	Volume = {},
	Url = {},
	Year = {}
    }    
    
    
@article{Reference148,
	Abstract = {},
	Author = {},
	Journal = {},
	Month = {},
	Number = {},
	Numpages = {},
	Pages = {},
	Title = {},
	Volume = {},
	Url = {https://octoprint.org/download/},
	Year = {}
    }    
    
    
@article{Reference149,
	Abstract = {},
	Author = {},
	Journal = {},
	Month = {},
	Number = {},
	Numpages = {},
	Pages = {},
	Title = {},
	Volume = {},
	Url = {https://3dprinting.stackexchange.com/users/2082/cmm},
	Year = {}
    }    
    
    
@article{Reference150,
	Abstract = {},
	Author = {},
	Journal = {},
	Month = {},
	Number = {},
	Numpages = {},
	Pages = {},
	Title = {},
	Volume = {},
	Url = {https://duet3d.dozuki.com/Wiki/Choosing_and_connecting_stepper_motors#Section_Holding_torque},
	Year = {}
    }
    
    
@article{Reference151,
	Abstract = {},
	Author = {},
	Journal = {},
	Month = {},
	Number = {},
	Numpages = {},
	Pages = {},
	Title = {},
	Volume = {},
	Url = {http://blog.think3dprint3d.com/2016/07/duetwifi-thermal-testing.html},
	Year = {}
    }    
    
    
@article{Reference,
	Abstract = {},
	Author = {},
	Journal = {},
	Month = {},
	Number = {},
	Numpages = {},
	Pages = {},
	Title = {},
	Volume = {},
	Url = {},
	Year = {}
    }


@article{Reference,
	Abstract = {},
	Author = {},
	Journal = {},
	Month = {},
	Number = {},
	Numpages = {},
	Pages = {},
	Title = {},
	Volume = {},
	Url = {},
	Year = {}
    }    
    
    
@article{Reference,
	Abstract = {},
	Author = {},
	Journal = {},
	Month = {},
	Number = {},
	Numpages = {},
	Pages = {},
	Title = {},
	Volume = {},
	Url = {},
	Year = {}
    }
    
    
@article{Reference,
	Abstract = {},
	Author = {},
	Journal = {},
	Month = {},
	Number = {},
	Numpages = {},
	Pages = {},
	Title = {},
	Volume = {},
	Url = {},
	Year = {}
    }    
    
    
@article{Reference,
	Abstract = {},
	Author = {},
	Journal = {},
	Month = {},
	Number = {},
	Numpages = {},
	Pages = {},
	Title = {},
	Volume = {},
	Url = {},
	Year = {}
    }    
    
    
@article{Reference,
	Abstract = {},
	Author = {},
	Journal = {},
	Month = {},
	Number = {},
	Numpages = {},
	Pages = {},
	Title = {},
	Volume = {},
	Url = {},
	Year = {}
    }    
    
    
@article{Reference,
	Abstract = {},
	Author = {},
	Journal = {},
	Month = {},
	Number = {},
	Numpages = {},
	Pages = {},
	Title = {},
	Volume = {},
	Url = {},
	Year = {}
    }
    
    
@article{Reference,
	Abstract = {},
	Author = {},
	Journal = {},
	Month = {},
	Number = {},
	Numpages = {},
	Pages = {},
	Title = {},
	Volume = {},
	Url = {},
	Year = {}
    }    
    
    
@article{Reference,
	Abstract = {},
	Author = {},
	Journal = {},
	Month = {},
	Number = {},
	Numpages = {},
	Pages = {},
	Title = {},
	Volume = {},
	Url = {},
	Year = {}
    }


@article{Reference,
	Abstract = {},
	Author = {},
	Journal = {},
	Month = {},
	Number = {},
	Numpages = {},
	Pages = {},
	Title = {},
	Volume = {},
	Url = {},
	Year = {}
    }    
    
    
@article{Reference,
	Abstract = {},
	Author = {},
	Journal = {},
	Month = {},
	Number = {},
	Numpages = {},
	Pages = {},
	Title = {},
	Volume = {},
	Url = {},
	Year = {}
    }
@article{Reference,
	Abstract = {},
	Author = {},
	Journal = {},
	Month = {},
	Number = {},
	Numpages = {},
	Pages = {},
	Title = {},
	Volume = {},
	Url = {},
	Year = {}
    }    
    
    
@article{Reference,
	Abstract = {},
	Author = {},
	Journal = {},
	Month = {},
	Number = {},
	Numpages = {},
	Pages = {},
	Title = {},
	Volume = {},
	Url = {},
	Year = {}
    }    
    
    
@article{Reference,
	Abstract = {},
	Author = {},
	Journal = {},
	Month = {},
	Number = {},
	Numpages = {},
	Pages = {},
	Title = {},
	Volume = {},
	Url = {},
	Year = {}
    }    
    
    
@article{Reference,
	Abstract = {},
	Author = {},
	Journal = {},
	Month = {},
	Number = {},
	Numpages = {},
	Pages = {},
	Title = {},
	Volume = {},
	Url = {},
	Year = {}
    }
    
    
@article{Reference,
	Abstract = {},
	Author = {},
	Journal = {},
	Month = {},
	Number = {},
	Numpages = {},
	Pages = {},
	Title = {},
	Volume = {},
	Url = {},
	Year = {}
    }    
    
    
@article{Reference,
	Abstract = {},
	Author = {},
	Journal = {},
	Month = {},
	Number = {},
	Numpages = {},
	Pages = {},
	Title = {},
	Volume = {},
	Url = {},
	Year = {}
    }


@article{Reference,
	Abstract = {},
	Author = {},
	Journal = {},
	Month = {},
	Number = {},
	Numpages = {},
	Pages = {},
	Title = {},
	Volume = {},
	Url = {},
	Year = {}
    }    
    
    
@article{Reference,
	Abstract = {},
	Author = {},
	Journal = {},
	Month = {},
	Number = {},
	Numpages = {},
	Pages = {},
	Title = {},
	Volume = {},
	Url = {},
	Year = {}
    }


@article{Reference,
	Abstract = {},
	Author = {},
	Journal = {},
	Month = {},
	Number = {},
	Numpages = {},
	Pages = {},
	Title = {},
	Volume = {},
	Url = {},
	Year = {}
    }    
    
    
@article{Reference,
	Abstract = {},
	Author = {},
	Journal = {},
	Month = {},
	Number = {},
	Numpages = {},
	Pages = {},
	Title = {},
	Volume = {},
	Url = {},
	Year = {}
    }    
    
    
@article{Reference,
	Abstract = {},
	Author = {},
	Journal = {},
	Month = {},
	Number = {},
	Numpages = {},
	Pages = {},
	Title = {},
	Volume = {},
	Url = {},
	Year = {}
    }    
    
    
@article{Reference,
	Abstract = {},
	Author = {},
	Journal = {},
	Month = {},
	Number = {},
	Numpages = {},
	Pages = {},
	Title = {},
	Volume = {},
	Url = {},
	Year = {}
    }
    
    
@article{Reference,
	Abstract = {},
	Author = {},
	Journal = {},
	Month = {},
	Number = {},
	Numpages = {},
	Pages = {},
	Title = {},
	Volume = {},
	Url = {},
	Year = {}
    }    
    
    
@article{Reference,
	Abstract = {},
	Author = {},
	Journal = {},
	Month = {},
	Number = {},
	Numpages = {},
	Pages = {},
	Title = {},
	Volume = {},
	Url = {},
	Year = {}
    }


@article{Reference,
	Abstract = {},
	Author = {},
	Journal = {},
	Month = {},
	Number = {},
	Numpages = {},
	Pages = {},
	Title = {},
	Volume = {},
	Url = {},
	Year = {}
    }    
    
    
@article{Reference,
	Abstract = {},
	Author = {},
	Journal = {},
	Month = {},
	Number = {},
	Numpages = {},
	Pages = {},
	Title = {},
	Volume = {},
	Url = {},
	Year = {}
    }
    
 
@article{Reference,
	Abstract = {},
	Author = {},
	Journal = {},
	Month = {},
	Number = {},
	Numpages = {},
	Pages = {},
	Title = {},
	Volume = {},
	Url = {},
	Year = {}
    }    
    
    
@article{Reference,
	Abstract = {},
	Author = {},
	Journal = {},
	Month = {},
	Number = {},
	Numpages = {},
	Pages = {},
	Title = {},
	Volume = {},
	Url = {},
	Year = {}
    }    
    
    
@article{Reference,
	Abstract = {},
	Author = {},
	Journal = {},
	Month = {},
	Number = {},
	Numpages = {},
	Pages = {},
	Title = {},
	Volume = {},
	Url = {},
	Year = {}
    }    
    
    
@article{Reference,
	Abstract = {},
	Author = {},
	Journal = {},
	Month = {},
	Number = {},
	Numpages = {},
	Pages = {},
	Title = {},
	Volume = {},
	Url = {},
	Year = {}
    }
    
    
@article{Reference,
	Abstract = {},
	Author = {},
	Journal = {},
	Month = {},
	Number = {},
	Numpages = {},
	Pages = {},
	Title = {},
	Volume = {},
	Url = {},
	Year = {}
    }    
    
    
@article{Reference,
	Abstract = {},
	Author = {},
	Journal = {},
	Month = {},
	Number = {},
	Numpages = {},
	Pages = {},
	Title = {},
	Volume = {},
	Url = {},
	Year = {}
    }


@article{Reference,
	Abstract = {},
	Author = {},
	Journal = {},
	Month = {},
	Number = {},
	Numpages = {},
	Pages = {},
	Title = {},
	Volume = {},
	Url = {},
	Year = {}
    }    
    
    
@article{Reference,
	Abstract = {},
	Author = {},
	Journal = {},
	Month = {},
	Number = {},
	Numpages = {},
	Pages = {},
	Title = {},
	Volume = {},
	Url = {},
	Year = {}
    }  



@article{Reference,
	Abstract = {},
	Author = {},
	Journal = {},
	Month = {},
	Number = {},
	Numpages = {},
	Pages = {},
	Title = {},
	Volume = {},
	Url = {},
	Year = {}
    }    
    
    
@article{Reference,
	Abstract = {},
	Author = {},
	Journal = {},
	Month = {},
	Number = {},
	Numpages = {},
	Pages = {},
	Title = {},
	Volume = {},
	Url = {},
	Year = {}
    }    
    
    
@article{Reference,
	Abstract = {},
	Author = {},
	Journal = {},
	Month = {},
	Number = {},
	Numpages = {},
	Pages = {},
	Title = {},
	Volume = {},
	Url = {},
	Year = {}
    }    
    
    
@article{Reference,
	Abstract = {},
	Author = {},
	Journal = {},
	Month = {},
	Number = {},
	Numpages = {},
	Pages = {},
	Title = {},
	Volume = {},
	Url = {},
	Year = {}
    }
    
    
@article{Reference,
	Abstract = {},
	Author = {},
	Journal = {},
	Month = {},
	Number = {},
	Numpages = {},
	Pages = {},
	Title = {},
	Volume = {},
	Url = {},
	Year = {}
    }    
    
    
@article{Reference,
	Abstract = {},
	Author = {},
	Journal = {},
	Month = {},
	Number = {},
	Numpages = {},
	Pages = {},
	Title = {},
	Volume = {},
	Url = {},
	Year = {}
    }


@article{Reference,
	Abstract = {},
	Author = {},
	Journal = {},
	Month = {},
	Number = {},
	Numpages = {},
	Pages = {},
	Title = {},
	Volume = {},
	Url = {},
	Year = {}
    }    
    
    
@article{Reference,
	Abstract = {},
	Author = {},
	Journal = {},
	Month = {},
	Number = {},
	Numpages = {},
	Pages = {},
	Title = {},
	Volume = {},
	Url = {},
	Year = {}
    }


@article{Reference,
	Abstract = {},
	Author = {},
	Journal = {},
	Month = {},
	Number = {},
	Numpages = {},
	Pages = {},
	Title = {},
	Volume = {},
	Url = {},
	Year = {}
    }    
    
    
@article{Reference,
	Abstract = {},
	Author = {},
	Journal = {},
	Month = {},
	Number = {},
	Numpages = {},
	Pages = {},
	Title = {},
	Volume = {},
	Url = {},
	Year = {}
    }    
    
    
@article{Reference,
	Abstract = {},
	Author = {},
	Journal = {},
	Month = {},
	Number = {},
	Numpages = {},
	Pages = {},
	Title = {},
	Volume = {},
	Url = {},
	Year = {}
    }    
    
    
@article{Reference,
	Abstract = {},
	Author = {},
	Journal = {},
	Month = {},
	Number = {},
	Numpages = {},
	Pages = {},
	Title = {},
	Volume = {},
	Url = {},
	Year = {}
    }
    
    
@article{Reference,
	Abstract = {},
	Author = {},
	Journal = {},
	Month = {},
	Number = {},
	Numpages = {},
	Pages = {},
	Title = {},
	Volume = {},
	Url = {},
	Year = {}
    }    
    
    
@article{Reference,
	Abstract = {},
	Author = {},
	Journal = {},
	Month = {},
	Number = {},
	Numpages = {},
	Pages = {},
	Title = {},
	Volume = {},
	Url = {},
	Year = {}
    }


@article{Reference,
	Abstract = {},
	Author = {},
	Journal = {},
	Month = {},
	Number = {},
	Numpages = {},
	Pages = {},
	Title = {},
	Volume = {},
	Url = {},
	Year = {}
    }    
    
    
@article{Reference,
	Abstract = {},
	Author = {},
	Journal = {},
	Month = {},
	Number = {},
	Numpages = {},
	Pages = {},
	Title = {},
	Volume = {},
	Url = {},
	Year = {}
    }  